@misc{frey2024surviving,
  author       = {Frey, Bruno S. and Savage, David A. and Torgler, Benno},
  title        = {Surviving the Titanic Disaster: Economic, Natural and Social Determinants},
  institution  = {University of Zurich and Queensland University of Technology},
  year         = {2024},
  url          = {https://escholarship.org/content/qt6h24b1vt/qt6h24b1vt_noSplash_9f8b922a42709780000c18579e45d15a.pdf},
}

@article{frey2011behavior,
  author       = {Frey, Bruno S. and Savage, David A. and Torgler, Benno},
  title        = {Behavior under Extreme Conditions: The Titanic Disaster},
  journal      = {Journal of Economic Perspectives},
  volume       = {25},
  number       = {1},
  year         = {2011},
  pages        = {209--222},
}

@misc{githubPropensityScoreMatching,
  author       = {Konstantinos P.},
  title        = {Propensity Score Matching Analysis},
  howpublished = {GitHub repository},
  url          = {https://github.com/konosp/propensity-score-matching/blob/main/propensity_score_matching_v2.ipynb},
  note         = {Accessed May 2024.},
}

@online{steamboatDisaster,
  author       = {Howells, W. W.},
  title        = {The Steamboat Disaster},
  year         = {1902},
  url          = {https://archive.org/details/steamboatdisaste01howl/page/150/mode/2up},
  note         = {Accessed May 2024.},
}
