here we can find our bibliography: 
